@article{preskill2018quantum,
  title={Quantum computing in the NISQ era and beyond},
  author={Preskill, John},
  journal={Quantum},
  volume={2},
  pages={79},
  year={2018},
  publisher={Verein zur F{\"o}rderung des Open Access Publizierens in den Quantenwissenschaften}
}

@book{nielsen2010quantum,
  title={Quantum computation and quantum information},
  author={Nielsen, Michael A and Chuang, Isaac L},
  year={2010},
  publisher={Cambridge university press}
}

@article{arute2019quantum,
  title={Quantum supremacy using a programmable superconducting processor},
  author={Arute, Frank and Arya, Kunal and Babbush, Ryan and Bacon, Dave and Bardin, Joseph C and Barends, Rami and Biswas, Rupak and Boixo, Sergio and Brandao, Fernando GSL and Buell, David A and others},
  journal={Nature},
  volume={574},
  number={7779},
  pages={505--510},
  year={2019},
  publisher={Nature Publishing Group}
}

@article{zhong2020quantum,
  title={Quantum computational advantage using photons},
  author={Zhong, Han-Sen and Wang, Hui and Deng, Yu-Hao and Chen, Ming-Cheng and Peng, Li-Chao and Luo, Yi-Han and Qin, Jian and Wu, Dian and Ding, Xing and Hu, Yi and others},
  journal={Science},
  volume={370},
  number={6523},
  pages={1460--1463},
  year={2020},
  publisher={American Association for the Advancement of Science}
}

@article{magesan2011scalable,
  title={Scalable and robust randomized benchmarking of quantum processes},
  author={Magesan, Easwar and Gambetta, Jay M and Emerson, Joseph},
  journal={Physical review letters},
  volume={106},
  number={18},
  pages={180504},
  year={2011},
  publisher={APS}
}

@article{cross2019validating,
  title={Validating quantum computers using randomized model circuits},
  author={Cross, Andrew W and Bishop, Lev S and Sheldon, Sarah and Nation, Paul D and Gambetta, Jay M},
  journal={Physical Review A},
  volume={100},
  number={3},
  pages={032328},
  year={2019},
  publisher={APS}
}

@article{bravyi2018simulation,
  title={Simulation of quantum circuits by low-rank stabilizer decompositions},
  author={Bravyi, Sergey and Gosset, David and K{\"o}nig, Robert},
  journal={Quantum},
  volume={3},
  pages={181},
  year={2019},
  publisher={Verein zur F{\"o}rderung des Open Access Publizierens in den Quantenwissenschaften}
}

@article{gottesman1997stabilizer,
  title={Stabilizer codes and quantum error correction},
  author={Gottesman, Daniel},
  journal={arXiv preprint quant-ph/9705052},
  year={1997}
}

@article{kitaev2003fault,
  title={Fault-tolerant quantum computation by anyons},
  author={Kitaev, Alexei},
  journal={Annals of physics},
  volume={303},
  number={1},
  pages={2--30},
  year={2003},
  publisher={Elsevier}
}

@article{reed2012realization,
  title={Realization of three-qubit quantum error correction with superconducting circuits},
  author={Reed, Matthew D and DiCarlo, Leonardo and Nigg, Simon E and Sun, Luyan and Frunzio, Luigi and Girvin, Steven M and Schoelkopf, Robert J},
  journal={Nature},
  volume={482},
  number={7385},
  pages={382--385},
  year={2012},
  publisher={Nature Publishing Group}
}

@article{eisert2020quantum,
  title={Quantum certification and benchmarking},
  author={Eisert, Jens and Hangleiter, Dominik and Walk, Nathan and Roth, Ingo and Markham, Damian and Parekh, Rhea and Chabaud, Ulysse and Kashefi, Elham},
  journal={Nature Reviews Physics},
  volume={2},
  number={7},
  pages={382--390},
  year={2020},
  publisher={Nature Publishing Group}
}

@article{gambetta2012characterization,
  title={Characterization of addressability by simultaneous randomized benchmarking},
  author={Gambetta, Jay M and Braff, Antonio D and Wallraff, Andreas and Girvin, Steven M and Schoelkopf, Robert J},
  journal={Physical review letters},
  volume={109},
  number={24},
  pages={240504},
  year={2012},
  publisher={APS}
}

@article{knill2008randomized,
  title={Randomized benchmarking of quantum gates},
  author={Knill, Emanuel and Leibfried, Dietrich and Reichle, Rene and Britton, Joseph and Blakestad, RB and Jost, JD and Langer, Chris and Ozeri, Roee and Seidelin, Signe and Wineland, David J},
  journal={Physical Review A},
  volume={77},
  number={1},
  pages={012307},
  year={2008},
  publisher={APS}
}

@article{blume2017demonstration,
  title={Demonstration of a small programmable quantum computer with atomic qubits},
  author={Blume-Kohout, Robin and Gamble, John King and Nielsen, Erik and Rudinger, Kenneth and Mizrahi, Jonathan and Fortier, Kevin and Maunz, Peter},
  journal={Nature},
  volume={551},
  number={7682},
  pages={579--584},
  year={2017},
  publisher={Nature Publishing Group}
}

@article{boixo2018characterizing,
  title={Characterizing quantum supremacy in near-term devices},
  author={Boixo, Sergio and Isakov, Sergei V and Smelyanskiy, Vadim N and Crawford, Christopher and Johnson, Alan G and Boixo, Sergio and Babbush, Ryan and Neven, Hartmut},
  journal={Nature Physics},
  volume={14},
  number={6},
  pages={595--600},
  year={2018},
  publisher={Nature Publishing Group}
}